<record><leader>00000cas a2200000 a 4500</leader><controlfield tag="001">12428752</controlfield><controlfield tag="008">850827d19101916ksuwr ne      0    0eng d</controlfield><datafield ind1=" " ind2=" " tag="010"><subfield code="a">sn 85031904 </subfield></datafield><datafield ind1=" " ind2=" " tag="040"><subfield code="a">KSH</subfield><subfield code="b">eng</subfield><subfield code="c">KSH</subfield><subfield code="d">NPT</subfield><subfield code="d">OCL</subfield><subfield code="d">OCLCQ</subfield></datafield><datafield ind1=" " ind2=" " tag="042"><subfield code="a">msc</subfield></datafield><datafield ind1="0" ind2=" " tag="130"><subfield code="a">Riley County democrat (Manhattan, Kan. : 1910)</subfield></datafield><datafield ind1="1" ind2="0" tag="245"><subfield code="a">Riley County democrat.</subfield></datafield><datafield ind1=" " ind2=" " tag="260"><subfield code="a">Manhattan, Kan. :</subfield><subfield code="b">A.H. Hammond,</subfield><subfield code="c">-1916.</subfield></datafield><datafield ind1=" " ind2=" " tag="300"><subfield code="a">v. :</subfield><subfield code="b">ill. ;</subfield><subfield code="c">54 cm.</subfield></datafield><datafield ind1=" " ind2=" " tag="310"><subfield code="a">Weekly</subfield></datafield><datafield ind1="0" ind2=" " tag="362"><subfield code="a">-v. 8, no. 30 (Nov. 3, 1916).</subfield></datafield><datafield ind1="1" ind2=" " tag="362"><subfield code="a">Began in 1910?</subfield></datafield><datafield ind1=" " ind2=" " tag="500"><subfield code="a">Publisher varies.</subfield></datafield><datafield ind1=" " ind2=" " tag="580"><subfield code="a">Issued also in a daily edition called: Morning chronicle (Manhattan, Kan. : 1916) Oct. 1-Nov. 3, 1916.</subfield></datafield><datafield ind1=" " ind2=" " tag="588"><subfield code="a">Description based on: Vol. 1, no. 41 (Feb. 3, 1911).</subfield></datafield><datafield ind1=" " ind2=" " tag="752"><subfield code="a">United States</subfield><subfield code="b">Kansas</subfield><subfield code="c">Riley</subfield><subfield code="d">Manhattan.</subfield></datafield><datafield ind1="1" ind2=" " tag="775"><subfield code="t">Morning chronicle (Manhattan, Kan. : 1916)</subfield><subfield code="w">(DLC)sn 85031905</subfield></datafield><datafield ind1="0" ind2="0" tag="785"><subfield code="t">Riley County chronicle</subfield><subfield code="w">(DLC)sn 85031906</subfield></datafield><datafield ind1="1" ind2=" " tag="029"><subfield code="a">AU@</subfield><subfield code="b">000022164709</subfield></datafield></record>